@inproceedings{zadeh2018multimodal,
  title={Multimodal language analysis in the wild: Cmu-mosei dataset and interpretable dynamic fusion graph},
  author={Zadeh, Amir and Pu, Paul},
  booktitle={Proceedings of the 56th Annual Meeting of the Association for Computational Linguistics (Long Papers)},
  year={2018}
}